@article{baseline,
  title={N-gram feature selection for authorship identification},
  author={John Houvardas and Efstathios Stamatatos},
  journal={AIMSA},
  pages={77-86},
  year={2006}
}

@article{survey,
  title={A Survey of Modern Authorship Attribution Methods},
  author={Efstathios Stamatatos}
}

@article{latest,
  title={A Novel Random Subspace Method for Online Writeprint Identification},
  author={Zhi Liu, Zongkai Yang and Sanya Liu},
  journal={JOURNAL OF COMPUTERS},
  volume={7},
  number={12},
  year={2012},
  publisher={ACADEMY PUBLISHER}
}

@misc{reuter,
  author = {Zhi Liu},
  howpublished = {\url{http://archive.ics.uci.edu/ml/datasets/Reuter_50_50}}
}

@misc{DARMC,
  author = {Brendan Maione-Downing},
  title = {DARMC Intertextuality Analysis Library},
  year = {2013},
  publisher = {GitHub},
  journal = {GitHub repository},
  howpublished = {\url{https://github.com/bmd/intertextuality-tool}}
}

@misc{finger,
  author = {kailashbuki},
  title = {python fingerprint library},
  year = {2012},
  publisher = {GitHub},
  journal = {GitHub repository},
  howpublished = {\url{https://github.com/kailashbuki/fingerprint}}
}

@misc{stem,
  author = {Vivake Gupta (v@nano.com) },
  title = {porter stemmer},
  year = {2012},
  publisher = {GitHub},
  journal = {GitHub repository},
  howpublished = {\url{https://github.com/vbuterin/spread/blob/master/spread/porter.py}}
}

@inproceedings{schleimer2003winnowing,
  title={Winnowing: local algorithms for document fingerprinting},
  author={Schleimer, Saul and Wilkerson, Daniel S and Aiken, Alex},
  booktitle={Proceedings of the 2003 ACM SIGMOD international conference on Management of data},
  pages={76--85},
  year={2003},
  organization={ACM}
}

@article{stein2007fingerprint,
  title={Fingerprint-based Similarity Search and its Applications},
  author={Stein, Benno and zu Eissen, Sven Meyer},
  journal={Universit{\"a}t Weimar},
  year={2007}
}

@article{pandeycs671,
  title={CS671: Natural Language Processing},
  author={Pandey, Anand and Pensia, Ankit}
}

@article{jindaldeanonymizing,
  title={Deanonymizing Quora Answers},
  author={Jindal, Pranav and Paranjape, Ashwin}
}

@article{hochreiter1997long,
  title={Long short-term memory},
  author={Hochreiter, Sepp and Schmidhuber, J{\"u}rgen},
  journal={Neural computation},
  volume={9},
  number={8},
  pages={1735--1780},
  year={1997},
  publisher={MIT Press}
}